<?xml version="1.0" encoding="UTF-8"?><record xmlns="http://www.loc.gov/MARC21/slim" xmlns:cinclude="http://apache.org/cocoon/include/1.0" xmlns:zs="http://www.loc.gov/zing/srw/">
  <leader>00548cz  a2200121n  4500</leader>
  <controlfield tag="001">n 2004046647</controlfield>
  <controlfield tag="003">DLC</controlfield>
  <controlfield tag="005">20041025165958.0</controlfield>
  <controlfield tag="008">041025n| acannaabn          |n aaa      </controlfield>
  <datafield tag="010" ind1=" " ind2=" ">
    <subfield code="a">n 2004046647</subfield>
  </datafield>
  <datafield tag="040" ind1=" " ind2=" ">
    <subfield code="a">DLC</subfield>
    <subfield code="b">eng</subfield>
    <subfield code="c">DLC</subfield>
  </datafield>
  <datafield tag="100" ind1="1" ind2=" ">
    <subfield code="a">Cameron, John,</subfield>
    <subfield code="d">1951-</subfield>
  </datafield>
  <datafield tag="670" ind1=" " ind2=" ">
    <subfield code="a">Changing places, 2003:</subfield>
    <subfield code="b">t.p. (John Cameron) t.p. verso (Australian CIP hdg.: Cameron, John, 1951- ) p. 314 (senior lecturer at School of Social Ecology and Lifelong Learning in the Univ. of Western Sydney; his university training is in geology and environmental and resource economics)</subfield>
  </datafield>
</record>